<record><leader>00000cas a22000007a 4500</leader><controlfield tag="001">14563944</controlfield><controlfield tag="008">861029d191119uutxuwr ne      0    0eng d</controlfield><datafield ind1=" " ind2=" " tag="010"><subfield code="a">sn 86089826 </subfield></datafield><datafield ind1=" " ind2=" " tag="040"><subfield code="a">PPM</subfield><subfield code="b">eng</subfield><subfield code="c">PPM</subfield><subfield code="d">OCLCQ</subfield></datafield><datafield ind1=" " ind2=" " tag="042"><subfield code="a">msc</subfield></datafield><datafield ind1="0" ind2=" " tag="130"><subfield code="a">Nevada citizen (Nevada, Tex. : 1911)</subfield></datafield><datafield ind1="1" ind2="4" tag="245"><subfield code="a">The Nevada citizen.</subfield></datafield><datafield ind1=" " ind2=" " tag="260"><subfield code="a">Nevada, Tex. :</subfield><subfield code="b">[s.n.]</subfield></datafield><datafield ind1=" " ind2=" " tag="300"><subfield code="a">v. :</subfield><subfield code="b">ill. (chiefly advertisements)</subfield></datafield><datafield ind1=" " ind2=" " tag="310"><subfield code="a">Weekly</subfield></datafield><datafield ind1="1" ind2=" " tag="362"><subfield code="a">Began in 1911?</subfield></datafield><datafield ind1=" " ind2=" " tag="500"><subfield code="a">Editor: T.E. Campbell.</subfield></datafield><datafield ind1=" " ind2=" " tag="588"><subfield code="a">Description based on: Vol. 3, no. 37 (Aug. 21, 1914).</subfield></datafield><datafield ind1=" " ind2=" " tag="752"><subfield code="a">United States</subfield><subfield code="b">Texas</subfield><subfield code="c">Collin</subfield><subfield code="d">Nevada.</subfield></datafield><datafield ind1="1" ind2=" " tag="029"><subfield code="a">AU@</subfield><subfield code="b">000025841523</subfield></datafield></record>